% BibTex
@misc{Mba,
    author = {Monica Bastreghi},
        title = {Cours de SYS4},
    year = {2023},
}

@misc{ManFnctl,
    author = {Make use of},
        title = {Man 2 fnctl},
    year = {2023},
}

@misc{ManLslock,
    author = {Make use of},
        title = {Man 8 lslock},
    year = {2023},
}

@article{SemaphoreArticle,
    title = {Understanding Semaphores in Concurrent Programming},
    journal = {Concurrency Journal},
    year = {2023},
    url = {https://www.example.com/semaphore-article},
}

@article{42BSD,
    author = {Gunkies.org},
    title = {4.2 BSD - Computer history},
    year = {2023},
    url = {https://gunkies.org/wiki/4.2_BSD},
}

@article{diffSemLock,
    author = {Medium.com},
    title = {Lock, mutex and semaphore difference},
    year = {2023},
    url = {https://weidianhuang.medium.com/lock-mutex-and-semaphore-difference-3586f13497ef},
}

@article{diffSemLock2,
    author = {DarkDust},
    title = {Lock and semaphore difference},
    year = {2023},
    url = {https://stackoverflow.com/questions/3568806/file-locking-vs-semaphores},
}

@online{SoftwareBugVideo,
    author = {Low Level Learning},
    title = {Understanding the Impact of a Software Bug: A Tragic Incident},
    year = {2023},
    url = {https://www.youtube.com/watch?v=41Gv-zzICIQ}
}

@online{UnderscoreVideo,
    author = {Underscore},
    title = {La trouvaille scandaleuse d'un physicien},
    year = {2023},
    url = {https://www.youtube.com/watch?v=L74z2dCtLuk}
}

@online{TutorialsPoint,
    author = {Bamdeb Ghosh},
    title = {Introduction to File Locking in Linux},
    year = {2023},
    url = {https://www.tutorialspoint.com/introduction-to-file-locking-in-linux#:~:text=File%20locking%20is%20a%20mechanism,through%20the%20use%20of%20locks}
}

@online{Baeldung,
    author = {Kai Yuan},
    title = {Introduction to File Locking in Linux},
    year = {2020},
    url = {https://www.baeldung.com/linux/file-locking}
}

@online{git,
    author = {Cameron Noupou√©},
    title = {File Locking on Linux},
    year = {2023},
    url = {https://github.com/n-kmron/os-file-locking}
}

@book{butenhof,
  title={File Locking And Concurrency Control in UNIX},
  author={Butenhof, David R.},
  year={1997},
  publisher={Prentice Hall}
}